%% PREVIOUS WORK ON HUMPBACK ID %%

@book{calambokidis2008splash,
  title={SPLASH: Structure of populations, levels of abundance and status of humpback whales in the North Pacific},
  author={Calambokidis, John and Falcone, Erin A and Quinn, Terrance J and Burdin, Alexander M and Clapham, PJ and Ford, JKB and Gabriele, CM and LeDuc, R and Mattila, D and Rojas-Bracho, L and others},
  year={2008},
  publisher={Cascadia Research}
}

@article{baker1993abundant,
  title={Abundant mitochondrial DNA variation and world-wide population structure in humpback whales},
  author={Baker, CS and Perry, A and Bannister, JL and Weinrich, MT and Abernethy, Robert B and Calambokidis, J and Lien, J and Lambertsen, RH and Ramirez, J Urban and Vasquez, O},
  journal={Proceedings of the National Academy of Sciences},
  volume={90},
  number={17},
  pages={8239--8243},
  year={1993},
  publisher={National Acad Sciences}
}

@article{branch2011humpback,
  title={Humpback whale abundance south of 60 S from three complete circumpolar sets of surveys},
  author={Branch, TA},
  journal={Journal of Cetacean Research and Management (special issue)},
  volume={3},
  pages={53--69},
  year={2011}
}

@inproceedings{breiwick1983simulated,
  title={Simulated population trajectories for northwest Atlantic humpback whales, 1865-1980},
  author={Breiwick, JM and Mitchell, E and Reeves, RR},
  booktitle={Fifth Biennial Conference on the Biology of Marine Mammals, Boston, MA},
  year={1983}
}

@article{reilly2008megaptera,
  title={Megaptera novaeangliae},
  author={Reilly, SB and Bannister, JL and Best, PB and Brown, M and Brownell Jr, RL and Butterworth, DS and Clapham, PJ and Cooke, J and Donovan, GP and Urb{\'a}n, J and others},
  journal={IUCN 2010. IUCN Red List of threatened species},
  year={2008}
}

@article{arzoumanian2005astronomical,
  title={An astronomical pattern-matching algorithm for computer-aided identification of whale sharks Rhincodon typus},
  author={Arzoumanian, Z and Holmberg, J and Norman, B},
  journal={Journal of Applied Ecology},
  volume={42},
  number={6}, pages={999--1011},
  year={2005},
  publisher={Wiley Online Library}
}

@article{mizroch1990computer,
  title={Computer assisted photo-identification of humpback whales},
  author={Mizroch, Sally A and Beard, Judith A and Lynde, Macgill},
  journal={Report of the International Whaling Commission},
  volume={12},
  pages={63--70},
  year={1990}
}

@article{katona1990population,
  title={Population size, migrations and feeding aggregations of the humpback whale (Megaptera novaeangliae) in the western North Atlantic Ocean},
  author={Katona, Steven K and Beard, Judith A},
  journal={Report of the International Whaling Commission (Special Issue 12)},
  pages={295--306},
  year={1990}
}

@article{carlson1990changes,
  title={Changes in the ventral fluke pattern of the humpback whale (Megaptera novaeangliae), and its effect on matching; evaluation of its significance to photo-identification research},
  author={Carlson, Carole A and Mayo, Charles A and Whitehead, Hal},
  journal={Rep. int. Whal. Commn (special issue)},
  volume={12},
  pages={105--11},
  year={1990}
}

@article{beekmans2005comparison,
  title={Comparison of two computer-assisted photo-identification methods applied to sperm whales (Physeter macrocephalus)},
  author={Beekmans, BWPM and Whitehead, Hal and Huele, Ruben and Steiner, Lisa and Steenbeek, Adri G},
  journal={Aquatic Mammals},
  volume={31},
  number={2},
  pages={243},
  year={2005},
  publisher={European Association for Aquatic Mammals}
}

@article{kniest2010fluke,
  title={Fluke Matcher: A computer-aided matching system for humpback whale (Megaptera novaeangliae) flukes},
  author={Kniest, Eric and Burns, Daniel and Harrison, Peter},
  journal={Marine Mammal Science},
  volume={26},
  number={3},
  pages={744--756},
  year={2010},
  publisher={Wiley Online Library}
}

@article{whitehead1990computer,
  title={Computer assisted individual identification of sperm whale flukes},
  author={Whitehead, Hal},
  journal={Reports of the International Whaling Commission},
  volume={12},
  pages={71--77},
  year={1990}
}

@article{huele2000finding,
  title={Finding similar trailing edges in large collections of photographs of sperm whales},
  author={Huele, R and De Haes, HA Udo and Ciano, JN and Gordon, J},
  journal={Journal of Cetacean Research and Management},
  volume={2},
  number={3},
  pages={173--176},
  year={2000},
  publisher={INTERNATIONAL WHALING COMMISSION}
}

@inproceedings{hughes2015automated,
	title={Automated Identification of Individual Great White Sharks from Unrestricted Fin Imagery},
	author={Benjamin Hughes and Tilo Burghardt},
	year={2015},
	month={September},
	pages={92.1-92.14},
	articleno={92},
	numpages={14},
	booktitle={Proceedings of the British Machine Vision Conference (BMVC)},
	publisher={BMVA Press},
	editor={Xianghua Xie, Mark W. Jones, and Gary K. L. Tam},
	doi={10.5244/C.29.92},
	isbn={1-901725-53-7},
	url={https://dx.doi.org/10.5244/C.29.92}
}

@article{blackmer2000temporal,
  title={Temporal Variability in Features used to Photo-Identify Humpback Whales (Megaptera novaeangliae)},
  author={Blackmer, Alexis L and Anderson, Scott K and Weinrich, Mason T},
  journal={Marine Mammal Science},
  volume={16},
  number={2},
  pages={338--354},
  year={2000},
  publisher={Wiley Online Library}
}

@article{friday2000measurement,
  title={Measurement of photographic quality and individual distinctiveness for the photographic identification of humpback whales, Megaptera novaeangliae},
  author={Friday, Nancy and Smith, Tim D and Stevick, Peter T and Allen, Judy},
  journal={Marine Mammal Science},
  volume={16},
  number={2},
  pages={355--374},
  year={2000},
  publisher={Wiley Online Library}
}

@article{araabi2000string,
  title={A string matching computer-assisted system for dolphin photoidentification},
  author={Araabi, BN and Kehtarnavaz, N and McKinney, T and Hillman, G and W{\"u}rsig, B},
  journal={Annals of Biomedical Engineering},
  volume={28},
  number={10},
  pages={1269--1279},
  year={2000},
  publisher={Springer}
}

@thesis{parham2015photographic,
	title = {Photographic Censusing of Zebra and Giraffe in the Nairobi National Park},
	institution = {Rensselaer Polytechnic Institute},
	type = {mastersthesis},
	author = {Parham, Jason R},
	date = {2015},
}

@misc{i3scontour,
	title= {{I3S} {Contour} {MANUAL}},
	url= {http://www.reijns.com/i3s/download/I3SC.pdf},
	author = {Hartog, den Jurgen and Reijns, Renate},
	edition = {v3.0},
	type= {Online},
	year= {2013},
	available={http://www.reijns.com/i3s/index.html},
}


@inproceedings{crall_hotspotter_2013,
	title = {{HotSpotter} - Patterned species instance recognition},
	url = {http://ieeexplore.ieee.org/xpls/abs_all.jsp?arnumber=6475023},
	pages = {230--237},
	booktitle = {Applications of Computer Vision ({WACV}), 2013 {IEEE} Workshop on},
	publisher = {{IEEE}},
	author = {Crall, Jonathan P. and Stewart, Charles V. and Berger-Wolf, Tanya Y. and Rubenstein, Daniel I. and Sundaresan, Siva R.},
	urldate = {2015-04-17},
	date = {2013},
	file = {Snapshot:/Users/bluemellophone/Library/Application Support/Zotero/Profiles/s3agt73i.default/zotero/storage/SEJ9G6NK/cookiedetectresponse.html:text/html}
}

%% TRAILING EDGE EXTRACTION %%

@unpublished{Sobel1968,
    author = {Sobel, I. and Feldman, G.},
    citeulike-article-id = {12089617},
    note = {Never published but presented at a talk at the Stanford Artificial Project},
    posted-at = {2013-02-27 23:33:12},
    priority = {2},
    title = {{A 3x3 Isotropic Gradient Operator for Image Processing}},
    year = {1968}
}

@article{Avidan:2007:SCC:1276377.1276390,
	author = {Avidan, Shai and Shamir, Ariel},
	title = {Seam Carving for Content-aware Image Resizing},
	journal = {ACM Trans. Graph.},
	issue_date = {July 2007},
	volume = {26},
	number = {3},
	month = jul,
	year = {2007},
	issn = {0730-0301},
	articleno = {10},
	url = {http://doi.acm.org/10.1145/1276377.1276390},
	doi = {10.1145/1276377.1276390},
	acmid = {1276390},
	publisher = {ACM},
	address = {New York, NY, USA},
	keywords = {content-aware image manipulation, display devices, image resizing, image retargeting, image seams},
} 

%% CURVATURE %%

@incollection{kumar2012leafsnap,
  title={Leafsnap: A computer vision system for automatic plant species identification},
  author={Kumar, Neeraj and Belhumeur, Peter N and Biswas, Arijit and Jacobs, David W and Kress, W John and Lopez, Ida C and Soares, Jo{\~a}o VB},
  booktitle={Computer Vision--ECCV 2012},
  pages={502--516},
  year={2012},
  publisher={Springer}
}

@inproceedings{monroy2011beyond,
  title={Beyond straight lines—object detection using curvature},
  author={Monroy, Antonio and Eigenstetter, Angela and Ommer, Bj{\"o}rn},
  booktitle={Image Processing (ICIP), 2011 18th IEEE International Conference on},
  pages={3561--3564},
  year={2011},
  organization={IEEE}
}

@incollection{fischer2014image,
  title={Image descriptors based on curvature histograms},
  author={Fischer, Philipp and Brox, Thomas},
  booktitle={Pattern Recognition},
  pages={239--249},
  year={2014},
  publisher={Springer}
}

@article{pottmann2007integral,
  title={Integral invariants for robust geometry processing},
  author={Pottmann, Helmut and Wallner, Johannes and Huang, Qi-xing and Yang, Yong-liang},
  year={2007},
  publisher={Citeseer}
}

@article{crow1984summed,
  title={Summed-area tables for texture mapping},
  author={Crow, Franklin C},
  journal={ACM SIGGRAPH computer graphics},
  volume={18},
  number={3},
  pages={207--212},
  year={1984},
  publisher={ACM}
}


%% DTW %%

@book{muller2007information,
  title={Information retrieval for music and motion},
  author={M{\"u}ller, Meinard},
  volume={2},
  year={2007},
  publisher={Springer}
}

@article{sakoe1978dynamic,
  title={Dynamic programming algorithm optimization for spoken word recognition},
  author={Sakoe, Hiroaki and Chiba, Seibi},
  journal={Acoustics, Speech and Signal Processing, IEEE Transactions on},
  volume={26},
  number={1},
  pages={43--49},
  year={1978},
  publisher={IEEE}
}

@article{salvador2007fastdtw,
  title={FastDTW: Toward Accurate Dynamic Time},
  author={Salvador, S and Chan, P},
  journal={Warping in Linear Time and Space},
  year={2007},
  publisher={Intelligent Data Analysis}
}

@article{lemire2009faster,
  title={Faster retrieval with a two-pass dynamic-time-warping lower bound},
  author={Lemire, Daniel},
  journal={Pattern recognition},
  volume={42},
  number={9},
  pages={2169--2180},
  year={2009},
  publisher={Elsevier}
}

@inproceedings{munich1999continuous,
  title={Continuous dynamic time warping for translation-invariant curve alignment with applications to signature verification},
  author={Munich, Mario E and Perona, Pietro},
  booktitle={Computer Vision, 1999. The Proceedings of the Seventh IEEE International Conference on},
  volume={1},
  pages={108--115},
  year={1999},
  organization={IEEE}
}

@inproceedings{qiao2006affine,
  title={Affine invariant dynamic time warping and its application to online rotated handwriting recognition},
  author={Qiao, Yu and Yasuhara, Makoto},
  booktitle={Pattern Recognition, 2006. ICPR 2006. 18th International Conference on},
  volume={2},
  pages={905--908},
  year={2006},
  organization={IEEE}
}


%% CONVNETS %%

@article{kingma2014adam,
  title={Adam: A method for stochastic optimization},
  author={Kingma, Diederik and Ba, Jimmy},
  journal={arXiv preprint arXiv:1412.6980},
  year={2014}
}

@techreport{huang2007labeled,
  title={Labeled faces in the wild: A database for studying face recognition in unconstrained environments},
  author={Huang, Gary B and Ramesh, Manu and Berg, Tamara and Learned-Miller, Erik},
  year={2007},
  institution={Technical Report 07-49, University of Massachusetts, Amherst}
}

@inproceedings{hadsell2006dimensionality,
  title={Dimensionality reduction by learning an invariant mapping},
  author={Hadsell, Raia and Chopra, Sumit and LeCun, Yann},
  booktitle={Computer vision and pattern recognition, 2006 IEEE computer society conference on},
  volume={2},
  pages={1735--1742},
  year={2006},
  organization={IEEE}
}


@inproceedings{krizhevsky2012imagenet,
  title={Imagenet classification with deep convolutional neural networks},
  author={Krizhevsky, Alex and Sutskever, Ilya and Hinton, Geoffrey E},
  booktitle={Advances in neural information processing systems},
  pages={1097--1105},
  year={2012}
}

@inproceedings{szegedy2015going,
  title={Going deeper with convolutions},
  author={Szegedy, Christian and Liu, Wei and Jia, Yangqing and Sermanet, Pierre and Reed, Scott and Anguelov, Dragomir and Erhan, Dumitru and Vanhoucke, Vincent and Rabinovich, Andrew},
  booktitle={Proceedings of the IEEE Conference on Computer Vision and Pattern Recognition},
  pages={1--9},
  year={2015}
}

@inproceedings{long2015fully,
  title={Fully convolutional networks for semantic segmentation},
  author={Long, Jonathan and Shelhamer, Evan and Darrell, Trevor},
  booktitle={Proceedings of the IEEE Conference on Computer Vision and Pattern Recognition},
  pages={3431--3440},
  year={2015}
}
@article{chen2014semantic,
  title={Semantic image segmentation with deep convolutional nets and fully connected crfs},
  author={Chen, Liang-Chieh and Papandreou, George and Kokkinos, Iasonas and Murphy, Kevin and Yuille, Alan L},
  journal={arXiv preprint arXiv:1412.7062},
  year={2014}
}

@article{fan2014learning,
  title={Learning deep face representation},
  author={Fan, Haoqiang and Cao, Zhimin and Jiang, Yuning and Yin, Qi and Doudou, Chinchilla},
  journal={arXiv preprint arXiv:1403.2802},
  year={2014}
}

@inproceedings{schroff2015facenet,
  title={Facenet: A unified embedding for face recognition and clustering},
  author={Schroff, Florian and Kalenichenko, Dmitry and Philbin, James},
  booktitle={Proceedings of the IEEE Conference on Computer Vision and Pattern Recognition},
  pages={815--823},
  year={2015}
}

@article{lecun1998gradient,
  title={Gradient-based learning applied to document recognition},
  author={LeCun, Yann and Bottou, L{\'e}on and Bengio, Yoshua and Haffner, Patrick},
  journal={Proceedings of the IEEE},
  volume={86},
  number={11},
  pages={2278--2324},
  year={1998},
  publisher={IEEE}
}

@article{simonyan2014very,
  title={Very deep convolutional networks for large-scale image recognition},
  author={Simonyan, Karen and Zisserman, Andrew},
  journal={arXiv preprint arXiv:1409.1556},
  year={2014}
}

@article{hinton2012improving,
  title={Improving neural networks by preventing co-adaptation of feature detectors},
  author={Hinton, Geoffrey E and Srivastava, Nitish and Krizhevsky, Alex and Sutskever, Ilya and Salakhutdinov, Ruslan R},
  journal={arXiv preprint arXiv:1207.0580},
  year={2012}
}

@article{ioffe2015batch,
  title={Batch normalization: Accelerating deep network training by reducing internal covariate shift},
  author={Ioffe, Sergey and Szegedy, Christian},
  journal={arXiv preprint arXiv:1502.03167},
  year={2015}
}

@article{sermanet2013overfeat,
  title={Overfeat: Integrated recognition, localization and detection using convolutional networks},
  author={Sermanet, Pierre and Eigen, David and Zhang, Xiang and Mathieu, Micha{\"e}l and Fergus, Rob and LeCun, Yann},
  journal={arXiv preprint arXiv:1312.6229},
  year={2013}
}

@inproceedings{sun2013deep,
  title={Deep convolutional network cascade for facial point detection},
  author={Sun, Yi and Wang, Xiaogang and Tang, Xiaoou},
  booktitle={Proceedings of the IEEE Conference on Computer Vision and Pattern Recognition},
  pages={3476--3483},
  year={2013}
}

@online{nouri2014using,
	title={Using convolutional neural nets to detect facial keypoints tutorial},
	url= {http://danielnouri.org/notes/2014/12/17/using-convolutional-neural-nets-to-detect-facial-keypoints-tutorial/},
	author = {Nouri, Daniel},
	edition = {1st ed},
	type= {Online},
	year={2014},
	available={http://www.danielnouri.org},
}

@inproceedings{chopra2005learning,
  title={Learning a similarity metric discriminatively, with application to face verification},
  author={Chopra, Sumit and Hadsell, Raia and LeCun, Yann},
  booktitle={Computer Vision and Pattern Recognition, 2005. CVPR 2005. IEEE Computer Society Conference on},
  volume={1},
  pages={539--546},
  year={2005},
  organization={IEEE}
}

@article{parkhi2015deep,
  title={Deep face recognition},
  author={Parkhi, Omkar M and Vedaldi, Andrea and Zisserman, Andrew},
  journal={Proceedings of the British Machine Vision},
  volume={1},
  number={3},
  pages={6},
  year={2015}
}

@inproceedings{jaderberg2015spatial,
  title={Spatial transformer networks},
  author={Jaderberg, Max and Simonyan, Karen and Zisserman, Andrew and others},
  booktitle={Advances in Neural Information Processing Systems},
  pages={2008--2016},
  year={2015}
}

@article{he2015deep,
  title={Deep Residual Learning for Image Recognition},
  author={He, Kaiming and Zhang, Xiangyu and Ren, Shaoqing and Sun, Jian},
  journal={arXiv preprint arXiv:1512.03385},
  year={2015}
}


%%

#incollection{gall_class-specific_2013,
	title = {Class-specific hough forests for object detection},
	url = {http://link.springer.com/chapter/10.1007/978-1-4471-4929-3_11},
	pages = {143--157},
	booktitle = {Decision Forests for Computer Vision and Medical Image Analysis},
	publisher = {Springer},
	author = {Gall, Juergen and Lempitsky, Victor},
	urldate = {2015-04-23},
	date = {2013},
	file = {Snapshot:/Users/bluemellophone/Library/Application Support/Zotero/Profiles/s3agt73i.default/zotero/storage/PTXSSR95/978-1-4471-4929-3_11.html:text/html}
}

#article{muja_fast_2009,
	title = {Fast Approximate Nearest Neighbors with Automatic Algorithm Configuration.},
	volume = {2},
	url = {http://www.cs.ubc.ca/research/flann/uploads/FLANN/flann_visapp09.pdf},
	journaltitle = {{VISAPP} (1)},
	author = {Muja, Marius and Lowe, David G.},
	urldate = {2015-04-23},
	date = {2009}
}

#letter{_http://www.i-gotu.com/product/usb_gps.html_2015,
	title = {http://www.i-gotu.com/product/{USB}\_GPS.html},
	type = {E-mail},
	date = {2015}
}

#letter{_https://github.com/bluemellophone/gzc-server_2015,
	title = {https://github.com/bluemellophone/gzc-server},
	type = {E-mail},
	date = {2015}
}

#letter{_https://github.com/bluemellophone/gzc-client_2015,
	title = {https://github.com/bluemellophone/gzc-client},
	type = {E-mail},
	date = {2015}
}

#letter{_https://github.com/erotemic/ibeis_2015,
	title = {https://github.com/Erotemic/ibeis},
	type = {E-mail},
	date = {2015}
}

#article{petersen_yearly_1896,
	title = {The yearly immigration of young plaice into the Limfjord from the German Sea},
	volume = {6},
	pages = {1--48},
	journaltitle = {Report of the Danish Biological Station},
	author = {Petersen, Carl Georg Johannes},
	date = {1896}
}

#article{robson_sample_1964,
	title = {Sample size in Petersen mark–recapture experiments},
	volume = {93},
	url = {http://www.tandfonline.com/doi/abs/10.1577/1548-8659(1964)93%5B215%3ASSIPME%5D2.0.CO%3B2},
	pages = {215--226},
	number = {3},
	journaltitle = {Transactions of the American Fisheries Society},
	author = {Robson, D. S. and Regier, H. A.},
	urldate = {2015-07-15},
	date = {1964},
	file = {Snapshot:/Users/bluemellophone/Library/Application Support/Zotero/Profiles/s3agt73i.default/zotero/storage/HDZRGKV5/cookieAbsent.html:text/html}
}

#article{seber_estimation_1982,
	title = {The estimation of animal abundance},
	url = {http://tocs.ulb.tu-darmstadt.de/5373212X.pdf},
	author = {Seber, George Arthur Frederick},
	urldate = {2015-07-15},
	date = {1982}
}

#article{pacala_population_1985,
	title = {Population experiments with the Anolis lizards of St. Maarten and St. Eustatius},
	url = {http://www.jstor.org/stable/1941313},
	pages = {129--141},
	journaltitle = {Ecology},
	author = {Pacala, Stephen W. and Roughgarden, Jonathan},
	urldate = {2015-07-15},
	date = {1985},
	file = {Snapshot:/Users/bluemellophone/Library/Application Support/Zotero/Profiles/s3agt73i.default/zotero/storage/HARRP2SD/cookieAbsent.html:text/html}
}

#article{pradel_utilization_1996,
	title = {Utilization of capture-mark-recapture for the study of recruitment and population growth rate},
	url = {http://www.jstor.org/stable/2532908},
	pages = {703--709},
	journaltitle = {Biometrics},
	author = {Pradel, Roger},
	urldate = {2015-07-15},
	date = {1996},
	file = {Snapshot:/Users/bluemellophone/Library/Application Support/Zotero/Profiles/s3agt73i.default/zotero/storage/7D9JBMVG/cookieAbsent.html:text/html}
}

#book{krebs_ecological_1999,
	title = {Ecological methodology},
	volume = {620},
	url = {http://tocs.ulb.tu-darmstadt.de/68411685.pdf},
	publisher = {Benjamin/Cummings Menlo Park, California},
	author = {Krebs, Charles J. and {others}},
	urldate = {2015-07-15},
	date = {1999}
}

#book{irwin_citizen_1995,
	title = {Citizen science: A study of people, expertise and sustainable development},
	url = {https://books.google.com/books?hl=en&lr=&id=MFiuIsC5hAUC&oi=fnd&pg=PR9&dq=Irwin+citizen+science&ots=1uvjY7qjb-&sig=AoGy09Od5ylVr_nGdl3tjVKcaE4},
	shorttitle = {Citizen science},
	publisher = {Psychology Press},
	author = {Irwin, Alan},
	urldate = {2015-07-15},
	date = {1995},
	file = {Snapshot:/Users/bluemellophone/Library/Application Support/Zotero/Profiles/s3agt73i.default/zotero/storage/KC9M4GE3/books.html:text/html}
}

#article{silvertown_new_2009,
	title = {A new dawn for citizen science},
	volume = {24},
	url = {http://www.sciencedirect.com/science/article/pii/S016953470900175X},
	pages = {467--471},
	number = {9},
	journaltitle = {Trends in ecology \& evolution},
	author = {Silvertown, Jonathan},
	urldate = {2015-07-15},
	date = {2009},
	file = {Snapshot:/Users/bluemellophone/Library/Application Support/Zotero/Profiles/s3agt73i.default/zotero/storage/DIRATA3A/S016953470900175X.html:text/html}
}

#article{cohn_citizen_2008,
	title = {Citizen science: Can volunteers do real research?},
	volume = {58},
	url = {http://bioscience.oxfordjournals.org/content/58/3/192.short},
	shorttitle = {Citizen science},
	pages = {192--197},
	number = {3},
	journaltitle = {{BioScience}},
	author = {Cohn, Jeffrey P.},
	urldate = {2015-07-15},
	date = {2008},
	file = {[HTML] from bioone.org:/Users/bluemellophone/Library/Application Support/Zotero/Profiles/s3agt73i.default/zotero/storage/9TDZKW7N/cookieAbsent.html:text/html;Snapshot:/Users/bluemellophone/Library/Application Support/Zotero/Profiles/s3agt73i.default/zotero/storage/UI23XBJ6/192.html:text/html}
}

#article{haklay_geographical_2010,
	title = {Geographical citizen science–Clash of cultures and new opportunities},
	url = {http://eprints.ucl.ac.uk/150398/},
	author = {Haklay, Muki},
	urldate = {2015-07-15},
	date = {2010},
	file = {Snapshot:/Users/bluemellophone/Library/Application Support/Zotero/Profiles/s3agt73i.default/zotero/storage/FRPQXAGC/150398.html:text/html}
}

#incollection{haklay_citizen_2013,
	title = {Citizen science and volunteered geographic information: Overview and typology of participation},
	url = {http://link.springer.com/chapter/10.1007/978-94-007-4587-2_7},
	shorttitle = {Citizen science and volunteered geographic information},
	pages = {105--122},
	booktitle = {Crowdsourcing geographic knowledge},
	publisher = {Springer},
	author = {Haklay, Muki},
	urldate = {2015-07-15},
	date = {2013},
	file = {Snapshot:/Users/bluemellophone/Library/Application Support/Zotero/Profiles/s3agt73i.default/zotero/storage/PR8KB3B2/978-94-007-4587-2_7.html:text/html}
}

#article{mukinya_identification_1976,
	title = {An identification method for black rhinoceros (Diceros bicornis Linn. 1758)},
	volume = {14},
	url = {http://onlinelibrary.wiley.com/doi/10.1111/j.1365-2028.1976.tb00246.x/abstract},
	pages = {335--338},
	number = {4},
	journaltitle = {African Journal of Ecology},
	author = {Mukinya, John G.},
	urldate = {2015-07-15},
	date = {1976},
	file = {Snapshot:/Users/bluemellophone/Library/Application Support/Zotero/Profiles/s3agt73i.default/zotero/storage/2QXVM2CT/abstract.html:text/html}
}

#article{alexander_african_1994,
	title = {African wild dogs (Lycaon pictus) endangered by a canine distemper epizootic among domestic dogs near the Masai Mara National Reserve, Kenya},
	volume = {30},
	url = {http://www.bioone.org/doi/abs/10.7589/0090-3558-30.4.481},
	pages = {481--485},
	number = {4},
	journaltitle = {Journal of wildlife diseases},
	author = {Alexander, Kathleen A. and Appel, Max {JG}},
	urldate = {2015-07-15},
	date = {1994},
	file = {Snapshot:/Users/bluemellophone/Library/Application Support/Zotero/Profiles/s3agt73i.default/zotero/storage/C9E7TZUC/cookieAbsent.html:text/html}
}

#article{thouless_long_1995,
	title = {Long distance movements of elephants in northern Kenya},
	volume = {33},
	url = {http://onlinelibrary.wiley.com/doi/10.1111/j.1365-2028.1995.tb01042.x/full},
	pages = {321--334},
	number = {4},
	journaltitle = {African Journal of Ecology},
	author = {Thouless, C. R.},
	urldate = {2015-07-15},
	date = {1995},
	file = {Snapshot:/Users/bluemellophone/Library/Application Support/Zotero/Profiles/s3agt73i.default/zotero/storage/5TU4E2VE/abstract\;jsessionid=9F47C5B128878C36481723400B373E7C.html:text/html}
}

#article{patrick_demographic_2003,
	title = {{DEMOGRAPHIC} {STATUS} {OF} {THE} {MERU} {ELEPHANT} {POPULATION}},
	volume = {16},
	url = {http://savetheelephants.org/wp-content/uploads/2014/03/2003DemographStatusMeru.pdf},
	pages = {24},
	journaltitle = {Population},
	author = {Patrick, Ogola O.},
	urldate = {2015-07-15},
	date = {2003}
}

#article{mech_critique_2002,
	title = {A critique of wildlife radio-tracking and its use in national parks},
	url = {http://pdf.thepdfportal.net/PDFFiles/137555.pdf},
	journaltitle = {Biological Resources Management Division, {US} National Park Service, Fort Collins, {CO} Technical Report},
	author = {Mech, L. David and Barber, Shannon M.},
	urldate = {2015-07-15},
	date = {2002}
}

#article{sikes_guidelines_2011,
	title = {Guidelines of the American Society of Mammalogists for the use of wild mammals in research},
	volume = {92},
	url = {http://asmjournals.org/doi/abs/10.1644/10-MAMM-F-355.1},
	pages = {235--253},
	number = {1},
	journaltitle = {Journal of Mammalogy},
	author = {Sikes, Robert S. and Gannon, William L.},
	urldate = {2015-07-15},
	date = {2011},
	file = {[HTML] from asmjournals.org:/Users/bluemellophone/Library/Application Support/Zotero/Profiles/s3agt73i.default/zotero/storage/75B3PB2D/cookieAbsent.html:text/html}
}

#article{funahashi_approximate_1989,
	title = {On the approximate realization of continuous mappings by neural networks},
	volume = {2},
	url = {http://www.sciencedirect.com/science/article/pii/0893608089900038},
	pages = {183--192},
	number = {3},
	journaltitle = {Neural networks},
	author = {Funahashi, Ken-Ichi},
	urldate = {2015-07-15},
	date = {1989},
	file = {Snapshot:/Users/bluemellophone/Library/Application Support/Zotero/Profiles/s3agt73i.default/zotero/storage/7CVBS6RD/0893608089900038.html:text/html}
}

#article{rumelhart_learning_1988,
	title = {Learning representations by back-propagating errors},
	volume = {5},
	url = {https://books.google.com/books?hl=en&lr=&id=FJblV_iOPjIC&oi=fnd&pg=PA213&dq=hidden+layers+rumelhart&ots=zZFq-lBVWR&sig=im9uHbcWCvlLUTe46v8L9z-F_zo},
	pages = {3},
	journaltitle = {Cognitive modeling},
	author = {Rumelhart, David E. and Hinton, Geoffrey E. and Williams, Ronald J.},
	urldate = {2015-07-15},
	date = {1988},
	file = {Snapshot:/Users/bluemellophone/Library/Application Support/Zotero/Profiles/s3agt73i.default/zotero/storage/B6EUUUBV/books.html:text/html}
}

#inproceedings{hecht-nielsen_theory_1989,
	title = {Theory of the backpropagation neural network},
	url = {http://ieeexplore.ieee.org/xpls/abs_all.jsp?arnumber=118638},
	pages = {593--605},
	booktitle = {Neural Networks, 1989. {IJCNN}., International Joint Conference on},
	publisher = {{IEEE}},
	author = {Hecht-Nielsen, Robert},
	urldate = {2015-07-15},
	date = {1989},
	file = {Snapshot:/Users/bluemellophone/Library/Application Support/Zotero/Profiles/s3agt73i.default/zotero/storage/JBE3QWXF/login.html:text/html}
}

#inproceedings{krizhevsky_imagenet_2012,
	title = {Imagenet classification with deep convolutional neural networks},
	url = {http://papers.nips.cc/paper/4824-imagenet-classification-w},
	pages = {1097--1105},
	booktitle = {Advances in neural information processing systems},
	author = {Krizhevsky, Alex and Sutskever, Ilya and Hinton, Geoffrey E.},
	urldate = {2015-07-15},
	date = {2012},
	file = {[HTML] from nips.cc:/Users/bluemellophone/Library/Application Support/Zotero/Profiles/s3agt73i.default/zotero/storage/H72KCWHB/4824-imagenet-classification-w.html:text/html}
}

#inproceedings{glorot_deep_2011,
	title = {Deep sparse rectifier networks},
	volume = {15},
	url = {http://eprints.pascal-network.org/archive/00008596/},
	pages = {315--323},
	booktitle = {Proceedings of the 14th International Conference on Artificial Intelligence and Statistics. {JMLR} W\&{CP} Volume},
	author = {Glorot, Xavier and Bordes, Antoine and Bengio, Yoshua},
	urldate = {2014-08-25},
	date = {2011},
	file = {Snapshot:/Users/bluemellophone/Library/Application Support/Zotero/Profiles/s3agt73i.default/zotero/storage/8J5UC5P9/00008596.html:text/html}
}

#inproceedings{lee_convolutional_2009,
	title = {Convolutional deep belief networks for scalable unsupervised learning of hierarchical representations},
	url = {http://dl.acm.org/citation.cfm?id=1553453},
	pages = {609--616},
	booktitle = {Proceedings of the 26th Annual International Conference on Machine Learning},
	publisher = {{ACM}},
	author = {Lee, Honglak and Grosse, Roger and Ranganath, Rajesh and Ng, Andrew Y.},
	urldate = {2015-07-15},
	date = {2009},
	file = {Snapshot:/Users/bluemellophone/Library/Application Support/Zotero/Profiles/s3agt73i.default/zotero/storage/4V86X4UN/citation.html:text/html}
}

#article{riesenhuber_models_2000,
	title = {Models of object recognition},
	volume = {3},
	url = {http://www.nature.com/neuro/journal/v3/n11s/full/nn1100_1199.html},
	pages = {1199--1204},
	journaltitle = {Nature neuroscience},
	author = {Riesenhuber, Maximilian and Poggio, Tomaso},
	urldate = {2015-07-15},
	date = {2000},
	file = {Snapshot:/Users/bluemellophone/Library/Application Support/Zotero/Profiles/s3agt73i.default/zotero/storage/DQ7U99QP/nn1100_1199.html:text/html}
}

#book{bastien_theano:_2012,
	title = {Theano: new features and speed improvements},
	abstract = {Theano is a linear algebra compiler that optimizes a user’s symbolically-speciﬁed mathematical computations to produce efﬁcient low-level implementations. In this paper, we present new features and efﬁciency improvements to Theano, and benchmarks demonstrating Theano’s performance relative to Torch7, a recently introduced machine learning library, and to {RNNLM}, a C++ library targeted at recurrent neural networks.},
	author = {Bastien, Frédéric and Lamblin, Pascal and Pascanu, Razvan and Bergstra, James and Goodfellow, Ian J. and Bergeron, Arnaud and Bouchard, Nicolas and Bengio, Yoshua},
	date = {2012},
	note = {Published: Deep Learning and Unsupervised Feature Learning {NIPS} 2012 Workshop}
}

#inproceedings{bergstra_theano:_2010,
	location = {Austin, {TX}},
	title = {Theano: a {CPU} and {GPU} Math Expression Compiler},
	abstract = {Theano is a compiler for mathematical expressions in Python that combines the convenience of {NumPy}’s syntax with the speed of optimized native machine language. The user composes mathematical expressions in a high-level description that mimics {NumPy}’s syntax and semantics, while being statically typed and functional (as opposed to imperative). These expressions allow Theano to provide symbolic differentiation. Before performing computation, Theano optimizes the choice of expressions, translates them into C++ (or {CUDA} for {GPU}), compiles them into dynamically loaded Python modules, all automatically. Common machine learning algorithms implemented with Theano are from 1.6× to 7.5× faster than competitive alternatives (including those implemented with C/C++, {NumPy}/{SciPy} and {MATLAB}) when compiled for the {CPU} and between 6.5× and 44× faster when compiled for the {GPU}. This paper illustrates how to use Theano, outlines the scope of the compiler, provides benchmarks on both {CPU} and {GPU} processors, and explains its overall design.},
	booktitle = {Proceedings of the Python for Scientific Computing Conference ({SciPy})},
	author = {Bergstra, James and Breuleux, Olivier and Bastien, Frédéric and Lamblin, Pascal and Pascanu, Razvan and Desjardins, Guillaume and Turian, Joseph and Warde-Farley, David and Bengio, Yoshua},
	date = {2010-06},
	note = {Oral Presentation}
}

#letter{_https://github.com/lasagne/lasagne_2015,
	title = {https://github.com/Lasagne/Lasagne},
	type = {E-mail},
	date = {2015}
}

#article{nickolls_scalable_2008,
	title = {Scalable Parallel Programming with {CUDA}},
	volume = {6},
	issn = {1542-7730},
	url = {http://doi.acm.org/10.1145/1365490.1365500},
	doi = {10.1145/1365490.1365500},
	pages = {40--53},
	number = {2},
	journaltitle = {Queue},
	author = {Nickolls, John and Buck, Ian and Garland, Michael and Skadron, Kevin},
	date = {2008-03}
}

#article{hinton_improving_2012,
	title = {Improving neural networks by preventing co-adaptation of feature detectors},
	url = {http://arxiv.org/abs/1207.0580},
	journaltitle = {{arXiv} preprint {arXiv}:1207.0580},
	author = {Hinton, Geoffrey E. and Srivastava, Nitish and Krizhevsky, Alex and Sutskever, Ilya and Salakhutdinov, Ruslan R.},
	urldate = {2014-09-02},
	date = {2012},
	file = {Snapshot:/Users/bluemellophone/Library/Application Support/Zotero/Profiles/s3agt73i.default/zotero/storage/5EU6FVE5/Hinton et al. - 2012 - Improving neural networks by preventing co-adaptat.html:text/html}
}

#article{goodfellow_maxout_2013,
	title = {Maxout networks},
	url = {http://arxiv.org/abs/1302.4389},
	journaltitle = {{arXiv} preprint {arXiv}:1302.4389},
	author = {Goodfellow, Ian J. and Warde-Farley, David and Mirza, Mehdi and Courville, Aaron and Bengio, Yoshua},
	urldate = {2014-09-02},
	date = {2013},
	file = {Snapshot:/Users/bluemellophone/Library/Application Support/Zotero/Profiles/s3agt73i.default/zotero/storage/NC9QHZ2Q/1302.html:text/html}
}

#article{saxe_exact_2013,
	title = {Exact solutions to the nonlinear dynamics of learning in deep linear neural networks},
	url = {http://arxiv.org/abs/1312.6120},
	journaltitle = {{arXiv} preprint {arXiv}:1312.6120},
	author = {Saxe, Andrew M. and {McClelland}, James L. and Ganguli, Surya},
	urldate = {2015-07-15},
	date = {2013},
	file = {Snapshot:/Users/bluemellophone/Library/Application Support/Zotero/Profiles/s3agt73i.default/zotero/storage/ERXXBWDD/1312.html:text/html}
}

#inproceedings{nair_rectified_2010,
	title = {Rectified linear units improve restricted boltzmann machines},
	url = {http://machinelearning.wustl.edu/mlpapers/paper_files/icml2010_NairH10.pdf},
	pages = {807--814},
	booktitle = {Proceedings of the 27th International Conference on Machine Learning ({ICML}-10)},
	author = {Nair, Vinod and Hinton, Geoffrey E.},
	urldate = {2015-07-15},
	date = {2010}
}

#inproceedings{dahl_improving_2013,
	title = {Improving deep neural networks for {LVCSR} using rectified linear units and dropout},
	url = {http://ieeexplore.ieee.org/xpls/abs_all.jsp?arnumber=6639346},
	pages = {8609--8613},
	booktitle = {Acoustics, Speech and Signal Processing ({ICASSP}), 2013 {IEEE} International Conference on},
	publisher = {{IEEE}},
	author = {Dahl, George E. and Sainath, Tara N. and Hinton, Geoffrey E.},
	urldate = {2015-07-15},
	date = {2013},
	file = {Snapshot:/Users/bluemellophone/Library/Application Support/Zotero/Profiles/s3agt73i.default/zotero/storage/9J82VMWX/login.html:text/html}
}

#inproceedings{bengio_advances_2013,
	title = {Advances in optimizing recurrent networks},
	url = {http://ieeexplore.ieee.org/xpls/abs_all.jsp?arnumber=6639349},
	pages = {8624--8628},
	booktitle = {Acoustics, Speech and Signal Processing ({ICASSP}), 2013 {IEEE} International Conference on},
	publisher = {{IEEE}},
	author = {Bengio, Yoshua and Boulanger-Lewandowski, Nicolas and Pascanu, Razvan},
	urldate = {2015-07-15},
	date = {2013},
	file = {Snapshot:/Users/bluemellophone/Library/Application Support/Zotero/Profiles/s3agt73i.default/zotero/storage/7SPH4W3I/login.html:text/html}
}

#inproceedings{nesterov_method_1983,
	title = {A method for unconstrained convex minimization problem with the rate of convergence O (1/k2)},
	volume = {269},
	pages = {543--547},
	booktitle = {Doklady an {SSSR}},
	author = {Nesterov, Yurii},
	date = {1983}
}

#article{simonyan_very_2014,
	title = {Very deep convolutional networks for large-scale image recognition},
	url = {http://arxiv.org/abs/1409.1556},
	journaltitle = {{arXiv} preprint {arXiv}:1409.1556},
	author = {Simonyan, Karen and Zisserman, Andrew},
	urldate = {2015-05-04},
	date = {2014},
	file = {Snapshot:/Users/bluemellophone/Library/Application Support/Zotero/Profiles/s3agt73i.default/zotero/storage/U96CEJ6M/1409.html:text/html}
}

#article{springenberg_striving_2014,
	title = {Striving for Simplicity: The All Convolutional Net},
	url = {http://arxiv.org/abs/1412.6806},
	shorttitle = {Striving for Simplicity},
	journaltitle = {{arXiv} preprint {arXiv}:1412.6806},
	author = {Springenberg, Jost Tobias and Dosovitskiy, Alexey and Brox, Thomas and Riedmiller, Martin},
	urldate = {2015-06-15},
	date = {2014},
	file = {Snapshot:/Users/bluemellophone/Library/Application Support/Zotero/Profiles/s3agt73i.default/zotero/storage/SMFBFDSE/1412.html:text/html}
}

#inproceedings{lecun_efficient_1993,
	title = {Efficient learning and second order methods},
	volume = {5},
	url = {http://www.iro.umontreal.ca/~pift6266/A06/refs/YannNipsTutorial.pdf},
	pages = {49},
	booktitle = {Tutorial presented at Neural Information Processing Systems},
	author = {{LeCun}, Yann},
	urldate = {2015-07-15},
	date = {1993}
}

#article{hinton_fast_2006,
	title = {A fast learning algorithm for deep belief nets},
	volume = {18},
	url = {http://ieeexplore.ieee.org/xpls/abs_all.jsp?arnumber=6796673},
	pages = {1527--1554},
	number = {7},
	journaltitle = {Neural computation},
	author = {Hinton, Geoffrey and Osindero, Simon and Teh, Yee-Whye},
	urldate = {2014-08-28},
	date = {2006},
	file = {Snapshot:/Users/bluemellophone/Library/Application Support/Zotero/Profiles/s3agt73i.default/zotero/storage/EDDCQEE9/articleDetails.html:text/html}
}

#article{van_der_maaten_visualizing_2008,
	title = {Visualizing data using t-{SNE}},
	volume = {9},
	url = {http://siplab.tudelft.nl/sites/default/files/vandermaaten08a.pdf},
	pages = {85},
	number = {2579},
	journaltitle = {Journal of Machine Learning Research},
	author = {Van der Maaten, Laurens and Hinton, Geoffrey},
	urldate = {2015-07-15},
	date = {2008}
}

#article{gardner_learning_1984,
	title = {Learning characteristics of stochastic-gradient-descent algorithms: A general study, analysis, and critique},
	volume = {6},
	url = {http://www.sciencedirect.com/science/article/pii/0165168484900136},
	shorttitle = {Learning characteristics of stochastic-gradient-descent algorithms},
	pages = {113--133},
	number = {2},
	journaltitle = {Signal Processing},
	author = {Gardner, William A.},
	urldate = {2015-07-15},
	date = {1984},
	file = {Snapshot:/Users/bluemellophone/Library/Application Support/Zotero/Profiles/s3agt73i.default/zotero/storage/ZA8R849V/0165168484900136.html:text/html}
}

#article{tsitsiklis_distributed_1986,
	title = {Distributed asynchronous deterministic and stochastic gradient optimization algorithms},
	volume = {31},
	url = {http://www2.ece.ohio-state.edu/~ji/Seminars/asyn_grad.pdf},
	pages = {803--812},
	number = {9},
	journaltitle = {{IEEE} transactions on automatic control},
	author = {Tsitsiklis, John N. and Bertsekas, Dimitri P. and Athans, Michael and {others}},
	urldate = {2015-07-15},
	date = {1986}
}

#article{fahlman_cascade-correlation_1989,
	title = {The cascade-correlation learning architecture},
	url = {http://repository.cmu.edu/compsci/1938/},
	author = {Fahlman, Scott E. and Lebiere, Christian},
	urldate = {2015-07-15},
	date = {1989},
	file = {Snapshot:/Users/bluemellophone/Library/Application Support/Zotero/Profiles/s3agt73i.default/zotero/storage/3U4WNIQD/1938.html:text/html}
}

#article{van_der_walt_numpy_2011,
	title = {The {NumPy} Array: A Structure for Efficient Numerical Computation},
	volume = {13},
	issn = {1521-9615},
	doi = {10.1109/MCSE.2011.37},
	pages = {22--30},
	number = {2},
	journaltitle = {Computing in Science Engineering},
	author = {van der Walt, S. and Colbert, S.C. and Varoquaux, G.},
	date = {2011-03},
	keywords = {Arrays, Computational efficiency, data structures, Finite element methods, high level language, high level languages, mathematics computing, numerical analysis, numerical computation, numerical computations, numerical data, {NumPy}, numpy array, Performance evaluation, programming libraries, Python, Python programming language, Resource management, scientific programming, Vector quantization}
}

#article{sermanet_overfeat:_2013,
	title = {Overfeat: Integrated recognition, localization and detection using convolutional networks},
	url = {http://arxiv.org/abs/1312.6229},
	shorttitle = {Overfeat},
	journaltitle = {{arXiv} preprint {arXiv}:1312.6229},
	author = {Sermanet, Pierre and Eigen, David and Zhang, Xiang and Mathieu, Michaël and Fergus, Rob and {LeCun}, Yann},
	urldate = {2014-10-06},
	date = {2013},
	file = {Snapshot:/Users/bluemellophone/Library/Application Support/Zotero/Profiles/s3agt73i.default/zotero/storage/W6SKCIQK/1312.html:text/html}
}

#article{oquab_learning_2013,
	title = {Learning and transferring mid-level image representations using convolutional neural networks},
	url = {http://hal.inria.fr/hal-00911179/},
	author = {Oquab, Maxime and Bottou, Leon and Laptev, Ivan and Sivic, Josef and {others}},
	urldate = {2014-08-12},
	date = {2013},
	file = {Snapshot:/Users/bluemellophone/Library/Application Support/Zotero/Profiles/s3agt73i.default/zotero/storage/7ED3HT7R/hal-00911179.html:text/html}
}

#article{russakovsky_imagenet_2014,
	title = {Imagenet large scale visual recognition challenge},
	url = {http://link.springer.com/article/10.1007/s11263-015-0816-y},
	pages = {1--42},
	journaltitle = {International Journal of Computer Vision},
	author = {Russakovsky, Olga and Deng, Jia and Su, Hao and Krause, Jonathan and Satheesh, Sanjeev and Ma, Sean and Huang, Zhiheng and Karpathy, Andrej and Khosla, Aditya and Bernstein, Michael and {others}},
	urldate = {2015-06-15},
	date = {2014},
	file = {Snapshot:/Users/bluemellophone/Library/Application Support/Zotero/Profiles/s3agt73i.default/zotero/storage/VNR6UHUJ/s11263-015-0816-y.html:text/html}
}

#article{jia_caffe:_2014,
	title = {Caffe: Convolutional Architecture for Fast Feature Embedding},
	journaltitle = {{arXiv} preprint {arXiv}:1408.5093},
	author = {Jia, Yangqing and Shelhamer, Evan and Donahue, Jeff and Karayev, Sergey and Long, Jonathan and Girshick, Ross and Guadarrama, Sergio and Darrell, Trevor},
	date = {2014}
}

#inproceedings{yosinski_how_2014,
	title = {How transferable are features in deep neural networks?},
	url = {http://papers.nips.cc/paper/5347-how-transferable-are-features-in-deep-neural-networks},
	pages = {3320--3328},
	booktitle = {Advances in Neural Information Processing Systems},
	author = {Yosinski, Jason and Clune, Jeff and Bengio, Yoshua and Lipson, Hod},
	urldate = {2015-07-15},
	date = {2014},
	file = {[HTML] from nips.cc:/Users/bluemellophone/Library/Application Support/Zotero/Profiles/s3agt73i.default/zotero/storage/849VPPFH/5347-how-transferable-are-features-in-deep-neural-networks.html:text/html}
}

#article{szegedy_going_2014,
	title = {Going deeper with convolutions},
	url = {http://arxiv.org/abs/1409.4842},
	journaltitle = {{arXiv} preprint {arXiv}:1409.4842},
	author = {Szegedy, Christian and Liu, Wei and Jia, Yangqing and Sermanet, Pierre and Reed, Scott and Anguelov, Dragomir and Erhan, Dumitru and Vanhoucke, Vincent and Rabinovich, Andrew},
	urldate = {2014-10-06},
	date = {2014},
	note = {00211},
	file = {Snapshot:/Users/bluemellophone/Library/Application Support/Zotero/Profiles/s3agt73i.default/zotero/storage/BU3A9UQA/1409.html:text/html}
}

#letter{_https://github.com/kitofans/caffe-theano-conversion_2015,
	title = {https://github.com/kitofans/caffe-theano-conversion},
	type = {E-mail},
	date = {2015}
}

#book{jolliffe_principal_2002,
	title = {Principal component analysis},
	url = {http://onlinelibrary.wiley.com/doi/10.1002/9781118445112.stat06472/full},
	publisher = {Wiley Online Library},
	author = {Jolliffe, Ian},
	urldate = {2015-07-28},
	date = {2002},
	note = {22577},
	file = {Snapshot:/Users/bluemellophone/Library/Application Support/Zotero/Profiles/s3agt73i.default/zotero/storage/G6WZI3V8/full.html:text/html}
}

#article{plackett_karl_1983,
	title = {Karl Pearson and the chi-squared test},
	url = {http://www.jstor.org/stable/1402731},
	pages = {59--72},
	journaltitle = {International Statistical Review/Revue Internationale de Statistique},
	author = {Plackett, Robin L.},
	urldate = {2015-08-04},
	date = {1983},
	note = {00309},
	file = {Snapshot:/Users/bluemellophone/Library/Application Support/Zotero/Profiles/s3agt73i.default/zotero/storage/FJB2ENBT/cookieAbsent.html:text/html}
}

#article{rao_analysis_1981,
	title = {The analysis of categorical data from complex sample surveys: chi-squared tests for goodness of fit and independence in two-way tables},
	volume = {76},
	url = {http://www.tandfonline.com/doi/abs/10.1080/01621459.1981.10477633},
	shorttitle = {The analysis of categorical data from complex sample surveys},
	pages = {221--230},
	number = {374},
	journaltitle = {Journal of the American Statistical Association},
	author = {Rao, Jon {NK} and Scott, Alastair J.},
	urldate = {2015-08-04},
	date = {1981},
	note = {00653},
	file = {Snapshot:/Users/bluemellophone/Library/Application Support/Zotero/Profiles/s3agt73i.default/zotero/storage/IMFGVCDF/cookieAbsent.html:text/html}
}

#incollection{rubenstein_chapter_2010,
	title = {Chapter 7 - Ecology, Social Behavior, and Conservation in Zebras},
	volume = {42},
	url = {http://www.sciencedirect.com/science/article/pii/S0065345410420070},
	series = {Behavioral ecology of tropical animals},
	abstract = {Most of African's wildlife lives on landscapes inhabited by people. Nowhere is this more evident than on grasslands and savannas of arid areas where conflict between wildlife and livestock has always been common. In the past, economic development on these landscapes has eclipsed conservation, but in today's Africa, where pastoral herders and small-scale landholders seek enhanced lifestyles, understanding the links between behavior and ecology suggests that the demise of wildlife is not inevitable. Behavioral ecology offers insights into how features of the environment shape behavior. By unraveling the rules for particular species in particular environmental circumstances, it is possible to intervene and adjust peoples' behavior so that landscapes can be modified in ways that allow species to sustain themselves while improving human welfare. In this chapter I examine the socioecology of two zebra species—one thriving, the other verging on extinction–and show how resiliency emerges from understanding the link between a species' ecology and its behavior, demography, and population dynamics. I show that by working with large-scale commercial livestock ranchers, small-scale ranchers, and pastoral communities to apply basic behavioral ecological principles in context specific ways, balancing conservation and development is possible.},
	pages = {231--258},
	booktitle = {Advances in the Study of Behavior},
	publisher = {Academic Press},
	author = {Rubenstein, Daniel I.},
	editor = {Macedo, Regina},
	urldate = {2015-08-04},
	date = {2010},
	note = {00000},
	keywords = {Conservation, Grevy's zebras, Pastoral communities, Plains zebras, Social behavior, Sociality, Sustainable development},
	file = {ScienceDirect Snapshot:/Users/bluemellophone/Library/Application Support/Zotero/Profiles/s3agt73i.default/zotero/storage/DJ9C6HE4/S0065345410420070.html:text/html}
}

#article{sinclair_density_1996,
	title = {Density dependence, stochasticity, compensation and predator regulation},
	url = {http://www.jstor.org/stable/3546240},
	pages = {164--173},
	journaltitle = {Oikos},
	author = {Sinclair, A. R. E. and Pech, Roger P.},
	urldate = {2015-08-04},
	date = {1996},
	note = {00182},
	file = {Snapshot:/Users/bluemellophone/Library/Application Support/Zotero/Profiles/s3agt73i.default/zotero/storage/X83DKNXA/cookieAbsent.html:text/html}
}

#article{fitzgibbon_antipredator_1995,
	title = {Antipredator behavior of Serengeti ungulates: individual differences and population consequences},
	volume = {2},
	url = {https://books.google.com/books?hl=en&lr=&id=YV5Qg2GSyWwC&oi=fnd&pg=PA274&dq=Serengeti+zebra+population+%22recruit%22&ots=Zaj4NJMGyl&sig=EXmwjrag6hACUwHfkewbil1Fma0},
	shorttitle = {Antipredator behavior of Serengeti ungulates},
	pages = {274},
	journaltitle = {Serengeti {II}: Dynamics, management, and conservation of an ecosystem},
	author = {{FitzGibbon}, Clare D. and Lazarus, John},
	urldate = {2015-08-04},
	date = {1995},
	note = {00065},
	file = {Snapshot:/Users/bluemellophone/Library/Application Support/Zotero/Profiles/s3agt73i.default/zotero/storage/RPFVBWPS/books.html:text/html}
}

#article{hack_status_2002,
	title = {Status and action plan for the plains zebra (Equus burchellii)},
	url = {https://books.google.com/books?hl=en&lr=&id=8Bj4q83ry1QC&oi=fnd&pg=PA43&dq=healthy+male+female+ratio+zebra+kenya+percent+rubenstein&ots=exxhDR4L8D&sig=vdRwlZmW6CCRlD64Df---8rxIh4},
	pages = {43--60},
	journaltitle = {Equids: Zebras, Asses and Horses, Status Survey and Conservation Action Plan, {IUCN}, {IUCN}/{SSC} Equid Specialist Group, Gland, Switzerland and Cambridge, {UK}},
	author = {Hack, Mace A. and East, Rod and Rubenstein, Dan I.},
	urldate = {2015-08-04},
	date = {2002},
	note = {00021},
	file = {Snapshot:/Users/bluemellophone/Library/Application Support/Zotero/Profiles/s3agt73i.default/zotero/storage/C5BRG7W9/books.html:text/html}
}

#book{ginsberg_social_1988,
	title = {Social organization and mating strategies of an arid adapted equid: the Grevy's zebra},
	shorttitle = {Social organization and mating strategies of an arid adapted equid},
	author = {Ginsberg, Joshua Ross},
	date = {1988},
	note = {00035}
}

#article{ogutu_changing_2013,
	title = {Changing wildlife populations in Nairobi National Park and adjoining Athi-Kaputiei Plains: collapse of the migratory wildebeest},
	volume = {7},
	url = {http://benthamopen.com/contents/pdf/TOCONSBJ/TOCONSBJ-7-11.pdf},
	shorttitle = {Changing wildlife populations in Nairobi National Park and adjoining Athi-Kaputiei Plains},
	pages = {11--26},
	journaltitle = {Open Conservation Biology Journal},
	author = {Ogutu, Joseph O. and Owen-Smith, Norman and Piepho, Hans-Peter and Said, Mohammed Y. and Kifugo, Shem C. and Reid, Robin S. and Gichohi, Helen and Kahumbu, Paula and Andanje, Samule},
	urldate = {2015-09-21},
	date = {2013},
	note = {00006},
	file = {[PDF] from benthamopen.com:/Users/bluemellophone/Library/Application Support/Zotero/Profiles/s3agt73i.default/zotero/storage/PJ7CJC8J/Ogutu et al. - 2013 - Changing wildlife populations in Nairobi National .pdf:application/pdf}
}

#article{hiby_computer_1990,
	title = {Computer aided matching of natural markings: a prototype system for grey seals},
	url = {http://www.vliz.be/imisdocs/publications/253951.pdf#page=65},
	shorttitle = {Computer aided matching of natural markings},
	pages = {57--61},
	number = {12},
	journaltitle = {Reports of the International Whaling Commission, Special},
	author = {Hiby, Lex and Lovell, Phil},
	urldate = {2015-09-21},
	date = {1990},
	note = {00083},
	file = {[PDF] from vliz.be:/Users/bluemellophone/Library/Application Support/Zotero/Profiles/s3agt73i.default/zotero/storage/AMXTRH5B/Hiby and Lovell - 1990 - Computer aided matching of natural markings a pro.pdf:application/pdf}
}

#article{hiby_analysis_2013,
	title = {Analysis of photo-id data allowing for missed matches and individuals identified from opposite sides},
	volume = {4},
	url = {http://onlinelibrary.wiley.com/doi/10.1111/2041-210x.12008/full},
	pages = {252--259},
	number = {3},
	journaltitle = {Methods in Ecology and Evolution},
	author = {Hiby, Lex and Paterson, William D. and Redman, Paula and Watkins, John and Twiss, Sean D. and Pomeroy, Patrick},
	urldate = {2015-09-21},
	date = {2013},
	note = {00008},
	file = {[HTML] from wiley.com:/Users/bluemellophone/Library/Application Support/Zotero/Profiles/s3agt73i.default/zotero/storage/4TJ76J7H/full.html:text/html}
}

#inproceedings{lahiri_biometric_2011,
	title = {Biometric animal databases from field photographs: Identification of individual zebra in the wild},
	url = {http://dl.acm.org/citation.cfm?id=1992002},
	shorttitle = {Biometric animal databases from field photographs},
	pages = {6},
	booktitle = {Proceedings of the 1st {ACM} International Conference on Multimedia Retrieval},
	publisher = {{ACM}},
	author = {Lahiri, Mayank and Tantipathananandh, Chayant and Warungu, Rosemary and Rubenstein, Daniel I. and Berger-Wolf, Tanya Y.},
	urldate = {2015-09-21},
	date = {2011},
	note = {00021},
	file = {[PDF] from lahiri.me:/Users/bluemellophone/Library/Application Support/Zotero/Profiles/s3agt73i.default/zotero/storage/9WMKPT9F/Lahiri et al. - 2011 - Biometric animal databases from field photographs.pdf:application/pdf;Snapshot:/Users/bluemellophone/Library/Application Support/Zotero/Profiles/s3agt73i.default/zotero/storage/MPZSVAFP/citation.html:text/html}
}

#article{becker_mother-infant_1990,
	title = {Mother-infant behaviour of wild Grevy's zebra: adaptations for survival in semidesert East Africa},
	volume = {40},
	url = {http://www.sciencedirect.com/science/article/pii/S0003347205801770},
	shorttitle = {Mother-infant behaviour of wild Grevy's zebra},
	pages = {1111--1118},
	number = {6},
	journaltitle = {Animal Behaviour},
	author = {Becker, C. Dustin and Ginsberg, Joshua R.},
	urldate = {2015-09-21},
	date = {1990},
	note = {00046},
	file = {Snapshot:/Users/bluemellophone/Library/Application Support/Zotero/Profiles/s3agt73i.default/zotero/storage/AM4CV3R6/S0003347205801770.html:text/html}
}

#article{rubenstein_ecology_1994,
	title = {The ecology of female social behavior in horses, zebras, and asses},
	url = {https://www.princeton.edu/~dir/pdf_dir/1994_Rubenstein_AnimSociet_chap.pdf},
	pages = {13--28},
	journaltitle = {Animal societies: individuals, interactions, and organization},
	author = {Rubenstein, Daniel I.},
	urldate = {2015-09-21},
	date = {1994},
	note = {00050},
	file = {[PDF] from princeton.edu:/Users/bluemellophone/Library/Application Support/Zotero/Profiles/s3agt73i.default/zotero/storage/AH37BJ7A/Rubenstein - 1994 - The ecology of female social behavior in horses, z.pdf:application/pdf}
}

#thesis{kivai_feeding_2006,
	title = {{FEEDING} {ECOLOGY} {AND} {DIURNAL} {ACTIVITY} {PATTERN} {OF} {THE} {GREVY}’S {ZEBRA} (Equus grevyi, Oustalet, 1882) {IN} {SAMBURU} {COMMUNITY} {LANDS}, {KENYA}},
	institution = {Addis Ababa University},
	type = {phdthesis},
	author = {{KIVAI}, {STANISLAUS} {MULU}},
	date = {2006},
	note = {00003}
}

#article{juang_energy-efficient_2002,
	title = {Energy-efficient computing for wildlife tracking: Design tradeoffs and early experiences with {ZebraNet}},
	volume = {37},
	url = {http://dl.acm.org/citation.cfm?id=605408},
	shorttitle = {Energy-efficient computing for wildlife tracking},
	pages = {96--107},
	number = {10},
	journaltitle = {{ACM} Sigplan Notices},
	author = {Juang, Philo and Oki, Hidekazu and Wang, Yong and Martonosi, Margaret and Peh, Li Shiuan and Rubenstein, Daniel},
	urldate = {2015-09-21},
	date = {2002},
	note = {02026},
	file = {[PDF] from psu.edu:/Users/bluemellophone/Library/Application Support/Zotero/Profiles/s3agt73i.default/zotero/storage/6GM43NW4/Juang et al. - 2002 - Energy-efficient computing for wildlife tracking .pdf:application/pdf;Snapshot:/Users/bluemellophone/Library/Application Support/Zotero/Profiles/s3agt73i.default/zotero/storage/M22IRTN3/citation.html:text/html}
}

#article{boyce_population_1992,
	title = {Population viability analysis},
	url = {http://www.jstor.org/stable/2097297},
	pages = {481--506},
	journaltitle = {Annual review of Ecology and Systematics},
	author = {Boyce, Mark S.},
	urldate = {2015-10-23},
	date = {1992}
}

#article{mccarthy_population_2012,
	title = {Population viability analysis},
	url = {http://onlinelibrary.wiley.com/doi/10.1002/9780470057339.vnn149/full},
	journaltitle = {Encyclopedia of Environmetrics},
	author = {{McCarthy}, Michael A. and Possingham, Hugh P.},
	urldate = {2015-10-23},
	date = {2012},
	file = {Snapshot:/Users/bluemellophone/Library/Application Support/Zotero/Profiles/s3agt73i.default/zotero/storage/TT5IZG5S/full.html:text/html}
}

#article{andersen_population_2015,
	title = {A population viability analysis on the declining population of Little Owl (Athene noctua) in Denmark using the stochastic simulation program {VORTEX}},
	volume = {92},
	url = {http://www.ornisfennica.org/pdf/latest/153Andersen.pdf},
	pages = {00--00},
	journaltitle = {Ornis Fennica},
	author = {Andersen, Line H. and Sunde, Peter and Loeschcke, Volker and Pertoldi, Cino},
	urldate = {2015-10-23},
	date = {2015},
	file = {[PDF] from ornisfennica.org:/Users/bluemellophone/Library/Application Support/Zotero/Profiles/s3agt73i.default/zotero/storage/XIFZF7WN/Andersen et al. - 2015 - A population viability analysis on the declining p.pdf:application/pdf}
}

#article{romer_population_2015,
	title = {Population Viability Analysis of feral raccoon dog (Nyctereutes procyonoides) in Denmark},
	volume = {67},
	url = {http://forskningsbasen.deff.dk/Share.external?sp=S95fed2b9-70dd-46bd-83e5-091cbd7ca3a1&sp=Sdtu},
	pages = {111--117},
	number = {1},
	journaltitle = {Archives of Biological Sciences},
	author = {Rømer, Anna Elisabeth and Nørgaard, Louise Solveig and Mikkelsen, Dorthe Malene Götz and Chriél, Mariann and Elmerose, Morten and Madsen, Aksel Bo and Pertoldi, Cino and Hammer Jensen, Trine},
	urldate = {2015-10-23},
	date = {2015},
	file = {[PDF] from dtu.dk:/Users/bluemellophone/Library/Application Support/Zotero/Profiles/s3agt73i.default/zotero/storage/PK9Q8KG4/Rømer et al. - 2015 - Population Viability Analysis of feral raccoon dog.pdf:application/pdf;Snapshot:/Users/bluemellophone/Library/Application Support/Zotero/Profiles/s3agt73i.default/zotero/storage/2HIIWX67/Share.html:text/html}
}

#article{white_program_1999,
	title = {Program {MARK}: survival estimation from populations of marked animals},
	volume = {46},
	issn = {0006-3657, 1944-6705},
	url = {http://www.tandfonline.com/doi/abs/10.1080/00063659909477239},
	doi = {10.1080/00063659909477239},
	shorttitle = {Program {MARK}},
	pages = {S120--S139},
	issue = {sup001},
	journaltitle = {Bird Study},
	author = {White, Gary C. and Burnham, Kenneth P.},
	urldate = {2015-10-23},
	date = {1999-01},
	langid = {english}
}

#article{zero_monitoring_2013,
	title = {Monitoring an Endangered savannah ungulate, Grevy's zebra Equus grevyi: choosing a method for estimating population densities},
	volume = {47},
	url = {http://journals.cambridge.org/abstract_S0030605312000324},
	shorttitle = {Monitoring an Endangered savannah ungulate, Grevy's zebra Equus grevyi},
	pages = {410--419},
	number = {3},
	journaltitle = {Oryx},
	author = {Zero, Victoria H. and Sundaresan, Siva R. and O'Brien, Timothy G. and Kinnaird, Margaret F.},
	urldate = {2015-10-23},
	date = {2013},
	file = {Snapshot:/Users/bluemellophone/Library/Application Support/Zotero/Profiles/s3agt73i.default/zotero/storage/4K3UBNEV/displayAbstract.html:text/html}
}

#article{caughley_sampling_1977,
	title = {Sampling in aerial survey},
	url = {http://www.jstor.org/stable/3799980},
	pages = {605--615},
	journaltitle = {The Journal of Wildlife Management},
	author = {Caughley, Graeme},
	urldate = {2015-10-23},
	date = {1977},
	file = {Snapshot:/Users/bluemellophone/Library/Application Support/Zotero/Profiles/s3agt73i.default/zotero/storage/XJU625NX/cookieAbsent.html:text/html}
}

#article{melville_aerial_2008,
	title = {Aerial surveys of multiple species: critical assumptions and sources of bias in distance and mark–recapture estimators},
	volume = {35},
	url = {http://www.publish.csiro.au/?paper=WR07080},
	shorttitle = {Aerial surveys of multiple species},
	pages = {310--348},
	number = {4},
	journaltitle = {Wildlife research},
	author = {Melville, Gavin J. and Tracey, John P. and Fleming, Peter {JS} and Lukins, Brian S.},
	urldate = {2015-10-23},
	date = {2008},
	file = {Snapshot:/Users/bluemellophone/Library/Application Support/Zotero/Profiles/s3agt73i.default/zotero/storage/7JBU8BPN/www.publish.csiro.au.html:text/html}
}

#article{keesing_impacts_1998,
	title = {Impacts of ungulates on the demography and diversity of small mammals in central Kenya},
	volume = {116},
	url = {http://link.springer.com/article/10.1007/s004420050601},
	pages = {381--389},
	number = {3},
	journaltitle = {Oecologia},
	author = {Keesing, Felicia},
	urldate = {2015-10-23},
	date = {1998},
	file = {[PDF] from psu.edu:/Users/bluemellophone/Library/Application Support/Zotero/Profiles/s3agt73i.default/zotero/storage/8D7B9TPD/Keesing - 1998 - Impacts of ungulates on the demography and diversi.pdf:application/pdf;Snapshot:/Users/bluemellophone/Library/Application Support/Zotero/Profiles/s3agt73i.default/zotero/storage/3AP3BRWN/s004420050601.html:text/html}
}

#article{bolger_computer-assisted_2012,
	title = {A computer-assisted system for photographic mark–recapture analysis},
	volume = {3},
	url = {http://onlinelibrary.wiley.com/doi/10.1111/j.2041-210X.2012.00212.x/full},
	pages = {813--822},
	number = {5},
	journaltitle = {Methods in Ecology and Evolution},
	author = {Bolger, Douglas T. and Morrison, Thomas A. and Vance, Bennet and Lee, Derek and Farid, Hany},
	urldate = {2015-10-23},
	date = {2012},
	file = {[HTML] from wiley.com:/Users/bluemellophone/Library/Application Support/Zotero/Profiles/s3agt73i.default/zotero/storage/4K2IMHK8/full.html:text/html}
}

#article{graham_investigating_1989,
	title = {Investigating observer bias in aerial survey by simultaneous double-counts},
	url = {http://www.jstor.org/stable/3809603},
	pages = {1009--1016},
	journaltitle = {The Journal of wildlife management},
	author = {Graham, Alistair and Bell, Richard},
	urldate = {2015-10-23},
	date = {1989},
	file = {Snapshot:/Users/bluemellophone/Library/Application Support/Zotero/Profiles/s3agt73i.default/zotero/storage/FHD4WTG3/cookieAbsent.html:text/html}
}

#article{buckland_quantifying_1991,
	title = {Quantifying precision of mark-recapture estimates using the bootstrap and related methods},
	url = {http://www.jstor.org/stable/2532510},
	pages = {255--268},
	journaltitle = {Biometrics},
	author = {Buckland, Stephen T. and Garthwaite, Paul H.},
	urldate = {2015-10-23},
	date = {1991}
}

#article{jolly_problem_1983,
	title = {The problem of unequal catchability in mark-recapture estimation of small mammal populations},
	volume = {61},
	url = {http://www.nrcresearchpress.com/doi/abs/10.1139/z83-121},
	pages = {922--927},
	number = {4},
	journaltitle = {Canadian Journal of Zoology},
	author = {Jolly, G. M. and Dickson, J. M.},
	urldate = {2015-10-23},
	date = {1983},
	file = {Snapshot:/Users/bluemellophone/Library/Application Support/Zotero/Profiles/s3agt73i.default/zotero/storage/5KX9UKDG/cookieAbsent.html:text/html}
}

#article{jachmann_comparison_2002,
	title = {Comparison of aerial counts with ground counts for large African herbivores},
	volume = {39},
	url = {http://onlinelibrary.wiley.com/doi/10.1046/j.1365-2664.2002.00752.x/pdf},
	pages = {841--852},
	number = {5},
	journaltitle = {Journal of Applied Ecology},
	author = {Jachmann, H.},
	urldate = {2015-10-23},
	date = {2002},
	file = {[HTML] from wiley.com:/Users/bluemellophone/Library/Application Support/Zotero/Profiles/s3agt73i.default/zotero/storage/QF7XTN9G/full.html:text/html;Snapshot:/Users/bluemellophone/Library/Application Support/Zotero/Profiles/s3agt73i.default/zotero/storage/KM573VG8/pdf.html:text/html}
}

#incollection{obrien_abundance_2011,
	title = {Abundance, density and relative abundance: a conceptual framework},
	url = {http://link.springer.com/10.1007/978-4-431-99495-4_6},
	shorttitle = {Abundance, density and relative abundance},
	pages = {71--96},
	booktitle = {Camera Traps in Animal Ecology},
	publisher = {Springer},
	author = {O’Brien, Timothy G.},
	urldate = {2015-10-23},
	date = {2011},
	file = {Snapshot:/Users/bluemellophone/Library/Application Support/Zotero/Profiles/s3agt73i.default/zotero/storage/QHJRE3XM/10.html:text/html}
}

#article{subedi_population_2013,
	title = {Population status, structure and distribution of the greater one-horned rhinoceros Rhinoceros unicornis in Nepal},
	volume = {47},
	url = {http://www.researchgate.net/profile/Babu_Lamichhane/publication/259434884_Population_status_structure_and_distribution_of_the_greater_one-horned_rhinoceros_Rhinoceros_unicornis_in_Nepal/links/54224e460cf290c9e3a79297.pdf},
	pages = {352--360},
	number = {3},
	journaltitle = {Oryx},
	author = {Subedi, Naresh and Jnawali, Shant Raj and Dhakal, Maheshwar and Pradhan, Narendra {MB} and Lamichhane, Babu Ram and Malla, Sabita and Amin, Rajan and Jhala, Yadvendradev V.},
	urldate = {2015-10-23},
	date = {2013},
	file = {[PDF] from researchgate.net:/Users/bluemellophone/Library/Application Support/Zotero/Profiles/s3agt73i.default/zotero/storage/9N898QAJ/Subedi et al. - 2013 - Population status, structure and distribution of t.pdf:application/pdf}
}

#article{karanth_estimating_2012,
	title = {Estimating Abundance and Other Demographic Parameters in Elephant Populations Using Capture–Recapture Sampling: Field Practices},
	url = {http://www.researchgate.net/profile/Fiona_Maisels/publication/235424078_Estimating_elephant_population_density_and_abundance_from_dung_pile_density_field_methods/links/00b495215e2062b040000000.pdf#page=225},
	shorttitle = {Estimating Abundance and Other Demographic Parameters in Elephant Populations Using Capture–Recapture Sampling},
	journaltitle = {Monitoring Elephant Populations and Assessing Threats},
	author = {Karanth, K. Ullas and Kumar, N. Samba and Goswami, Varun R. and Nichols, James D. and Hedges, Simon},
	urldate = {2015-10-23},
	date = {2012},
	file = {[PDF] from researchgate.net:/Users/bluemellophone/Library/Application Support/Zotero/Profiles/s3agt73i.default/zotero/storage/NHIRWCHC/Karanth et al. - 2012 - Estimating Abundance and Other Demographic Paramet.pdf:application/pdf}
}
